@article{
  jia_2017, 
  title={Arbitrary-Speed Curves}, 
  journal={Com S 477/577 Notes}, 
  author={Jia, Yan-Bin}, 
  year={2017}, 
  month={Oct}
}

@article{
 san_2017,
 title={A Comparison between GPU-based Volume Ray Casting Implementations: Fragment Shader, Compute Shader, OpenCL, and CUDA},
 journal={CLEI Electronic Journal, Volume 20, Number 2},
 author={Sans Fransisco and Carmona Rhadam√©s},
 year={2017},
 month={Aug}
}